<?xml version="1.0" encoding="utf-8"?>
<record xmlns="http://www.loc.gov/MARC21/slim" xmlns:xsi="http://www.w3.org/2001/XMLSchema-instance" xsi:schemaLocation="http://www.loc.gov/MARC21/slim http://www.loc.gov/standards/marcxml/schema/MARC21slim.xsd">
	<leader>     nam a22        4500</leader>
	<controlfield tag="001">b12736260</controlfield>
	<controlfield tag="003">LeBAU</controlfield>
	<controlfield tag="006">m        d        </controlfield>
	<controlfield tag="007">cr cn |||m|||a</controlfield>
	<controlfield tag="008">170123s1955    ua      o     ||0 0 ara d</controlfield>
	<datafield ind1=" " ind2=" " tag="040">
		<subfield code="a">NNU</subfield>
		<subfield code="b">ara</subfield>
		<subfield code="e">rda</subfield>
		<subfield code="c">NNU</subfield>
	</datafield>
	<datafield ind1="1" ind2=" " tag="041">
		<subfield code="a">ara</subfield>
		<subfield code="h">eng</subfield>
	</datafield>
	<datafield ind1=" " ind2="4" tag="050">
		<subfield code="a">JQ539.A15</subfield>
		<subfield code="b">R3125 1955</subfield>
	</datafield>
	<datafield ind1="0" ind2="4" tag="082">
		<subfield code="a">973.91</subfield>
		<subfield code="2">22</subfield>
	</datafield>
	<datafield ind1="1" ind2=" " tag="100">
		<subfield code="6">880-01</subfield>
		<subfield code="a">Allen, Frederick Lewis,</subfield>
		<subfield code="d">1890-1954,</subfield>
		<subfield code="e">author.</subfield>
	</datafield>
	<datafield ind1="1" ind2="0" tag="240">
		<subfield code="a">Big change.</subfield>
		<subfield code="l">Arabic</subfield>
	</datafield>
	<datafield ind1="1" ind2="3" tag="245">
		<subfield code="6">880-02</subfield>
		<subfield code="a">al-Taṭawwur al-kabīr :</subfield>
		<subfield code="b">nisf qarn min al-ḥayāh al-Amrīkīyah /</subfield>
		<subfield code="c">ta’līf Fridirīk Liwīs Ālin; tarjamat al-Duktūr ʻAbd al-Munʻim al-Bīh ; murājaʻat wa-ishrāf  wa-taqdīm al-Ustādh Ḥusayn Kāmil Salīm.</subfield>
	</datafield>
	<datafield ind1=" " ind2="1" tag="264">
		<subfield code="6">880-03</subfield>
		<subfield code="a">[al-Qāhirah] :</subfield>
		<subfield code="b">Maktabat al-Anjlū al-Miṣrīyah,</subfield>
		<subfield code="c">1951.</subfield>
	</datafield>
	<datafield ind1=" " ind2=" " tag="300">
		<subfield code="6">880-04</subfield>
		<subfield code="a">online resource (284 pages)</subfield>
	</datafield>
	<datafield ind1=" " ind2=" " tag="336">
		<subfield code="a">text</subfield>
		<subfield code="2">rdacontent</subfield>
	</datafield>
	<datafield ind1=" " ind2=" " tag="337">
		<subfield code="a">computer</subfield>
		<subfield code="2">rdamedia</subfield>
	</datafield>
	<datafield ind1=" " ind2=" " tag="338">
		<subfield code="a">online resource</subfield>
		<subfield code="2">rdacarrier</subfield>
	</datafield>
	<datafield ind1=" " ind2=" " tag="500">
		<subfield code="a">Part of the Arabic Collections Online (ACO) project, contributed by American University of Beirut's Jafet Memorial Library.</subfield>
	</datafield>
	<datafield ind1=" " ind2=" " tag="533">
		<subfield code="a">Electronic reproduction.</subfield>
		<subfield code="b">New York, N.Y. :</subfield>
		<subfield code="c">New York University,</subfield>
		<subfield code="d">2017.</subfield>
		<subfield code="5">NNU</subfield>
	</datafield>
	<datafield ind1=" " ind2="0" tag="650">
		<subfield code="6">880-05</subfield>
		<subfield code="a">National characteristics, American.</subfield>
	</datafield>
	<datafield ind1=" " ind2="0" tag="651">
		<subfield code="6">880-06</subfield>
		<subfield code="a">United States</subfield>
		<subfield code="x">Civilization</subfield>
		<subfield code="y">20th century.</subfield>
	</datafield>
	<datafield ind1=" " ind2="0" tag="651">
		<subfield code="6">880-07</subfield>
		<subfield code="a">United States</subfield>
		<subfield code="x">Economic conditions</subfield>
		<subfield code="y">1918-1945.</subfield>
	</datafield>
	<datafield ind1=" " ind2="0" tag="651">
		<subfield code="6">880-08</subfield>
		<subfield code="a">United States</subfield>
		<subfield code="x">Social conditions</subfield>
		<subfield code="y">1918-1932.</subfield>
	</datafield>
	<datafield ind1=" " ind2="0" tag="651">
		<subfield code="6">880-09</subfield>
		<subfield code="a">United States</subfield>
		<subfield code="x">Civilization</subfield>
		<subfield code="y">20th century.</subfield>
	</datafield>
	<datafield ind1="1" ind2=" " tag="700">
		<subfield code="6">880-10</subfield>
		<subfield code="a">Bīh, ʻAbd al-Munʻim,</subfield>
		<subfield code="e">translator.</subfield>
	</datafield>
	<datafield ind1="1" ind2=" " tag="700">
		<subfield code="6">880-11</subfield>
		<subfield code="a">Salīm, Ḥusayn Kāmil,</subfield>
		<subfield code="e">compiler.</subfield>
	</datafield>
	<datafield ind1="2" ind2=" " tag="710">
		<subfield code="a">Jafet Memorial Library.</subfield>
	</datafield>
	<datafield ind1="0" ind2=" " tag="730">
		<subfield code="a">Arabic Collections Online.</subfield>
	</datafield>
	<datafield ind1="0" ind2=" " tag="765">
		<subfield code="6">880-12</subfield>
		<subfield code="a">Translation of:</subfield>
		<subfield code="t">The big change : America transforms itself, 1900-1950.</subfield>
		<subfield code="b">1st ed.</subfield>
		<subfield code="d">New York : Harper, [1952]</subfield>
		<subfield code="w">(OCoLC)00419306</subfield>
		<subfield code="w">b11193724</subfield>
	</datafield>
	<datafield ind1="0" ind2="8" tag="776">
		<subfield code="i">Print version:</subfield>
		<subfield code="a">Allen, Frederick Lewis, 1890-1954, author.</subfield>
		<subfield code="t">al-Taṭawwur al-kabīr</subfield>
		<subfield code="w">(LeBAU)b12736260</subfield>
	</datafield>
	<datafield ind1="4" ind2="0" tag="856">
		<subfield code="u">http://hdl.handle.net/2333.1/m905qm6q</subfield>
	</datafield>
	<datafield ind1="1" ind2=" " tag="880">
		<subfield code="6">100-01</subfield>
		<subfield code="a">آلن، فردريك لويس،</subfield>
		<subfield code="d">1890-1954،</subfield>
		<subfield code="e">author.</subfield>
	</datafield>
	<datafield ind1="1" ind2="2" tag="880">
		<subfield code="6">245-02</subfield>
		<subfield code="a">التطور الكبير :</subfield>
		<subfield code="b">نصف قرن من الحياة الأمريكية /</subfield>
		<subfield code="c">تأليف فردريك لويس آلن ؛ ترجمة الدكتور عبد المنعم البيه ؛ مراجعة وإشراف وتقديم الأستاذ حسين كامل سليم.</subfield>
	</datafield>
	<datafield ind1=" " ind2="1" tag="880">
		<subfield code="6">264-03</subfield>
		<subfield code="a">[القاهرة] :</subfield>
		<subfield code="b">مكتبة الانجلو المصرية،</subfield>
		<subfield code="c">1951.</subfield>
	</datafield>
	<datafield ind1=" " ind2=" " tag="880">
		<subfield code="6">300-04</subfield>
		<subfield code="a">284 صفحة ؛</subfield>
		<subfield code="c">24 سم</subfield>
	</datafield>
	<datafield ind1=" " ind2="0" tag="880">
		<subfield code="6">650-05</subfield>
		<subfield code="a">المميزات القومية الأميركية.</subfield>
	</datafield>
	<datafield ind1=" " ind2="0" tag="880">
		<subfield code="6">651-06</subfield>
		<subfield code="a">الولايات المتحدة</subfield>
		<subfield code="x">الحضارة</subfield>
		<subfield code="y">القرن العشرون.</subfield>
	</datafield>
	<datafield ind1=" " ind2="0" tag="880">
		<subfield code="6">651-07</subfield>
		<subfield code="a">الولايات المتحدة</subfield>
		<subfield code="x">الاحوال الاقتصادية</subfield>
		<subfield code="y">1918-1945.</subfield>
	</datafield>
	<datafield ind1=" " ind2="0" tag="880">
		<subfield code="6">651-08</subfield>
		<subfield code="a">الولايات المتحدة</subfield>
		<subfield code="x">الاحوال الاجتماعية</subfield>
		<subfield code="y">1918-1932.</subfield>
	</datafield>
	<datafield ind1=" " ind2="0" tag="880">
		<subfield code="6">651-09</subfield>
		<subfield code="a">الولايات المتحدة</subfield>
		<subfield code="x">الاحوال الاجتماعية</subfield>
		<subfield code="y">1933-1945.</subfield>
	</datafield>
	<datafield ind1="1" ind2=" " tag="880">
		<subfield code="6">700-10</subfield>
		<subfield code="a">البيه، عبد المنعم،</subfield>
		<subfield code="e">translator</subfield>
	</datafield>
	<datafield ind1="1" ind2=" " tag="880">
		<subfield code="6">700-11</subfield>
		<subfield code="a">سليم، حسين كامل،</subfield>
		<subfield code="e">compiler.</subfield>
	</datafield>
	<datafield ind1="0" ind2=" " tag="880">
		<subfield code="6">765-12</subfield>
		<subfield code="i">ترجمة كتاب:</subfield>
		<subfield code="t">The big change : America transforms itself, 1900-1950.</subfield>
		<subfield code="b">1st ed.</subfield>
		<subfield code="d">New York : Harper, [1952]</subfield>
		<subfield code="w">b11193724</subfield>
		<subfield code="w">b11193724</subfield>
		<subfield code="a">Translation of:</subfield>
	</datafield>
	<datafield ind1=" " ind2=" " tag="959">
		<subfield code="a">NNU</subfield>
		<subfield code="b">WEB</subfield>
		<subfield code="c">GENI</subfield>
		<subfield code="t">0</subfield>
		<subfield code="m">Electronic access</subfield>
		<subfield code="s">01</subfield>
	</datafield>
	<datafield ind1=" " ind2=" " tag="999">
		<subfield code="i">LeBAU_b12736260</subfield>
		<subfield code="s">aub_aco000231</subfield>
		<subfield code="e">(ERROR-880)</subfield>
		<subfield code="s">aub_aco000231</subfield>
	</datafield>
</record>
